@ARTICLE{HAYNES2021127,
	title = {Lightweight URL-based phishing detection using natural language processing transformers for mobile devices},
	journal = {Procedia Computer Science},
	volume = {191},
	pages = {127-134},
	year = {2021},
	issn = {1877-0509},
	doi = {https://doi.org/10.1016/j.procs.2021.07.040},
	url = {https://www.sciencedirect.com/science/article/pii/S1877050921014368},
	author = {Katherine Haynes and Hossein Shirazi and Indrakshi Ray}
}

@article{devlin2018bert,
  title={Bert: Pre-training of deep bidirectional transformers for language understanding},
  author={Devlin, Jacob and Chang, Ming-Wei and Lee, Kenton and Toutanova, Kristina},
  journal={arXiv preprint arXiv:1810.04805},
  year={2018}
}

@article{clark2020electra,
  title={Electra: Pre-training text encoders as discriminators rather than generators},
  author={Clark, Kevin and Luong, Minh-Thang and Le, Quoc V and Manning, Christopher D},
  journal={arXiv preprint arXiv:2003.10555},
  year={2020}
}

@phdthesis{stone2007ebids,
  title={EBIDS-SENLP: A system to detect social engineering email using natural language processing},
  author={Stone, Allen Brian},
  year={2007},
  school={University of Maryland, Baltimore County}
}

% missing the PDF rn (stupid IEEEXplore)
@INPROCEEDINGS{8093406,
  author={Buber, Ebubekir and Dırı, Banu and Sahingoz, Ozgur Koray},
  booktitle={2017 International Conference on Computer Science and Engineering (UBMK)}, 
  title={Detecting phishing attacks from URL by using NLP techniques}, 
  year={2017},
  pages={337-342},
  doi={10.1109/UBMK.2017.8093406}
}

@article{mittal2022phishing,
  title={Phishing detection using natural language processing and machine learning},
  author={Mittal, Apurv and Engels, Dr Daniel and Kommanapalli, Harsha and Sivaraman, Ravi and Chowdhury, Taifur},
  journal={SMU Data Science Review},
  volume={6},
  number={2},
  pages={14},
  year={2022}
}

@INPROCEEDINGS{682375,
  author={Jimenez, D.},
  booktitle={1998 IEEE International Joint Conference on Neural Networks Proceedings. IEEE World Congress on Computational Intelligence (Cat. No.98CH36227)}, 
  title={Dynamically weighted ensemble neural networks for classification}, 
  year={1998},
  volume={1},
  number={},
  pages={753-756 vol.1},
  keywords={Neural networks;Aggregates;Decorrelation;Computer networks},
  doi={10.1109/IJCNN.1998.682375}}

@misc{rekouche2011early,
      title={Early Phishing}, 
      author={Koceilah Rekouche},
      year={2011},
      eprint={1106.4692},
      archivePrefix={arXiv},
      primaryClass={cs.CR}
}



